
@book{graunt1939natural,
  title={Natural and political observations made upon the bills of mortality},
  author={Graunt, John},
  number={2},
  year={1939},
  publisher={The Johns Hopkins Press}
}

